%YAML 1.1
%TAG !u! tag:unity3d.com,2011:
--- !u!114 &-9088831869311944555
MonoBehaviour:
  m_ObjectHideFlags: 0
  m_CorrespondingSourceObject: {fileID: 0}
  m_PrefabInstance: {fileID: 0}
  m_PrefabAsset: {fileID: 0}
  m_GameObject: {fileID: 0}
  m_Enabled: 1
  m_EditorHideFlags: 0
  m_Script: {fileID: 11500000, guid: ceb653cd98e289a4e8697a1af55201f2, type: 3}
  m_Name: event:/Voice/Dog Whimper
  m_EditorClassIdentifier: 
  Path: event:/Voice/Dog Whimper
  guid: 57da334193b7d14a829b3862784a8247
  Banks:
  - {fileID: -1756410779683720438}
  IsStream: 0
  Is3D: 0
  IsOneShot: 1
  Parameters: []
  MinDistance: 0
  MaxDistance: 0
  Length: 795
--- !u!114 &-8757570492418037971
MonoBehaviour:
  m_ObjectHideFlags: 0
  m_CorrespondingSourceObject: {fileID: 0}
  m_PrefabInstance: {fileID: 0}
  m_PrefabAsset: {fileID: 0}
  m_GameObject: {fileID: 0}
  m_Enabled: 1
  m_EditorHideFlags: 0
  m_Script: {fileID: 11500000, guid: ceb653cd98e289a4e8697a1af55201f2, type: 3}
  m_Name: event:/Music/Winter Park
  m_EditorClassIdentifier: 
  Path: event:/Music/Winter Park
  guid: 42d4cd9e58a47d4aa497052c2ea509f4
  Banks:
  - {fileID: -1756410779683720438}
  IsStream: 1
  Is3D: 0
  IsOneShot: 0
  Parameters: []
  MinDistance: 0
  MaxDistance: 0
  Length: 229146
--- !u!114 &-8502702310209343556
MonoBehaviour:
  m_ObjectHideFlags: 0
  m_CorrespondingSourceObject: {fileID: 0}
  m_PrefabInstance: {fileID: 0}
  m_PrefabAsset: {fileID: 0}
  m_GameObject: {fileID: 0}
  m_Enabled: 1
  m_EditorHideFlags: 0
  m_Script: {fileID: 11500000, guid: ceb653cd98e289a4e8697a1af55201f2, type: 3}
  m_Name: event:/Voice/Amy Happy
  m_EditorClassIdentifier: 
  Path: event:/Voice/Amy Happy
  guid: a70cd36ef780ed49afa1f9dc9c5ebca5
  Banks:
  - {fileID: -1756410779683720438}
  IsStream: 0
  Is3D: 0
  IsOneShot: 1
  Parameters: []
  MinDistance: 0
  MaxDistance: 0
  Length: 470
--- !u!114 &-7563765326217954391
MonoBehaviour:
  m_ObjectHideFlags: 0
  m_CorrespondingSourceObject: {fileID: 0}
  m_PrefabInstance: {fileID: 0}
  m_PrefabAsset: {fileID: 0}
  m_GameObject: {fileID: 0}
  m_Enabled: 1
  m_EditorHideFlags: 0
  m_Script: {fileID: 11500000, guid: ceb653cd98e289a4e8697a1af55201f2, type: 3}
  m_Name: event:/Voice/Amanda Sad
  m_EditorClassIdentifier: 
  Path: event:/Voice/Amanda Sad
  guid: 3792d560b977ec4c952bef9d81580805
  Banks:
  - {fileID: 5469924922046571695}
  IsStream: 0
  Is3D: 0
  IsOneShot: 1
  Parameters: []
  MinDistance: 0
  MaxDistance: 0
  Length: 600
--- !u!114 &-6633646917900922129
MonoBehaviour:
  m_ObjectHideFlags: 0
  m_CorrespondingSourceObject: {fileID: 0}
  m_PrefabInstance: {fileID: 0}
  m_PrefabAsset: {fileID: 0}
  m_GameObject: {fileID: 0}
  m_Enabled: 1
  m_EditorHideFlags: 0
  m_Script: {fileID: 11500000, guid: ceb653cd98e289a4e8697a1af55201f2, type: 3}
  m_Name: event:/Foley/Dog Reward
  m_EditorClassIdentifier: 
  Path: event:/Foley/Dog Reward
  guid: c209778302bc0a4dbc1c362e827a35f3
  Banks:
  - {fileID: -1756410779683720438}
  IsStream: 0
  Is3D: 0
  IsOneShot: 1
  Parameters: []
  MinDistance: 0
  MaxDistance: 0
  Length: 471
--- !u!114 &-6290037657853151019
MonoBehaviour:
  m_ObjectHideFlags: 0
  m_CorrespondingSourceObject: {fileID: 0}
  m_PrefabInstance: {fileID: 0}
  m_PrefabAsset: {fileID: 0}
  m_GameObject: {fileID: 0}
  m_Enabled: 1
  m_EditorHideFlags: 0
  m_Script: {fileID: 11500000, guid: ceb653cd98e289a4e8697a1af55201f2, type: 3}
  m_Name: event:/Voice/Sammy Happy
  m_EditorClassIdentifier: 
  Path: event:/Voice/Sammy Happy
  guid: 4153d309bf2c3a43a59af69a0cff094f
  Banks:
  - {fileID: -1756410779683720438}
  IsStream: 0
  Is3D: 0
  IsOneShot: 1
  Parameters: []
  MinDistance: 0
  MaxDistance: 0
  Length: 475
--- !u!114 &-5811834437861890100
MonoBehaviour:
  m_ObjectHideFlags: 0
  m_CorrespondingSourceObject: {fileID: 0}
  m_PrefabInstance: {fileID: 0}
  m_PrefabAsset: {fileID: 0}
  m_GameObject: {fileID: 0}
  m_Enabled: 1
  m_EditorHideFlags: 0
  m_Script: {fileID: 11500000, guid: ceb653cd98e289a4e8697a1af55201f2, type: 3}
  m_Name: event:/Foley/Pick Up Item
  m_EditorClassIdentifier: 
  Path: event:/Foley/Pick Up Item
  guid: d788c19b8483f04496b445841027802e
  Banks:
  - {fileID: -1756410779683720438}
  IsStream: 0
  Is3D: 0
  IsOneShot: 1
  Parameters: []
  MinDistance: 0
  MaxDistance: 0
  Length: 1000
--- !u!114 &-5352999594994313902
MonoBehaviour:
  m_ObjectHideFlags: 0
  m_CorrespondingSourceObject: {fileID: 0}
  m_PrefabInstance: {fileID: 0}
  m_PrefabAsset: {fileID: 0}
  m_GameObject: {fileID: 0}
  m_Enabled: 1
  m_EditorHideFlags: 0
  m_Script: {fileID: 11500000, guid: ceb653cd98e289a4e8697a1af55201f2, type: 3}
  m_Name: event:/Environment/WildernessSounds
  m_EditorClassIdentifier: 
  Path: event:/Environment/WildernessSounds
  guid: 6bdfca1c57d6f84c94f68809e160f469
  Banks:
  - {fileID: 5469924922046571695}
  IsStream: 1
  Is3D: 0
  IsOneShot: 0
  Parameters: []
  MinDistance: 0
  MaxDistance: 0
  Length: 57234
--- !u!114 &-3343648445413836382
MonoBehaviour:
  m_ObjectHideFlags: 0
  m_CorrespondingSourceObject: {fileID: 0}
  m_PrefabInstance: {fileID: 0}
  m_PrefabAsset: {fileID: 0}
  m_GameObject: {fileID: 0}
  m_Enabled: 1
  m_EditorHideFlags: 0
  m_Script: {fileID: 11500000, guid: ceb653cd98e289a4e8697a1af55201f2, type: 3}
  m_Name: event:/UI/ClickBack
  m_EditorClassIdentifier: 
  Path: event:/UI/ClickBack
  guid: e173739aac512e4eaca0817901fef7f1
  Banks:
  - {fileID: -1756410779683720438}
  IsStream: 0
  Is3D: 0
  IsOneShot: 1
  Parameters: []
  MinDistance: 0
  MaxDistance: 0
  Length: 1400
--- !u!114 &-3322234349360717796
MonoBehaviour:
  m_ObjectHideFlags: 0
  m_CorrespondingSourceObject: {fileID: 0}
  m_PrefabInstance: {fileID: 0}
  m_PrefabAsset: {fileID: 0}
  m_GameObject: {fileID: 0}
  m_Enabled: 1
  m_EditorHideFlags: 0
  m_Script: {fileID: 11500000, guid: ceb653cd98e289a4e8697a1af55201f2, type: 3}
  m_Name: event:/Voice/Amanda Sad
  m_EditorClassIdentifier: 
  Path: event:/Voice/Amanda Sad
  guid: 3792d560b977ec4c952bef9d81580805
  Banks:
  - {fileID: -1756410779683720438}
  IsStream: 0
  Is3D: 0
  IsOneShot: 1
  Parameters: []
  MinDistance: 0
  MaxDistance: 0
  Length: 600
--- !u!114 &-3109035271886025051
MonoBehaviour:
  m_ObjectHideFlags: 0
  m_CorrespondingSourceObject: {fileID: 0}
  m_PrefabInstance: {fileID: 0}
  m_PrefabAsset: {fileID: 0}
  m_GameObject: {fileID: 0}
  m_Enabled: 1
  m_EditorHideFlags: 0
  m_Script: {fileID: 11500000, guid: ceb653cd98e289a4e8697a1af55201f2, type: 3}
  m_Name: event:/Foley/Leash Snap
  m_EditorClassIdentifier: 
  Path: event:/Foley/Leash Snap
  guid: 2b4456c52950124c9531627b1a816c9b
  Banks:
  - {fileID: 5469924922046571695}
  IsStream: 0
  Is3D: 0
  IsOneShot: 1
  Parameters: []
  MinDistance: 0
  MaxDistance: 0
  Length: 1867
--- !u!114 &-2828829365612034099
MonoBehaviour:
  m_ObjectHideFlags: 0
  m_CorrespondingSourceObject: {fileID: 0}
  m_PrefabInstance: {fileID: 0}
  m_PrefabAsset: {fileID: 0}
  m_GameObject: {fileID: 0}
  m_Enabled: 1
  m_EditorHideFlags: 0
  m_Script: {fileID: 11500000, guid: ceb653cd98e289a4e8697a1af55201f2, type: 3}
  m_Name: event:/Voice/Amy Sad
  m_EditorClassIdentifier: 
  Path: event:/Voice/Amy Sad
  guid: 6924ef43ff2bc64ca7bfdd008f45a0ce
  Banks:
  - {fileID: 5469924922046571695}
  IsStream: 0
  Is3D: 0
  IsOneShot: 1
  Parameters: []
  MinDistance: 0
  MaxDistance: 0
  Length: 370
--- !u!114 &-2789188974641090517
MonoBehaviour:
  m_ObjectHideFlags: 0
  m_CorrespondingSourceObject: {fileID: 0}
  m_PrefabInstance: {fileID: 0}
  m_PrefabAsset: {fileID: 0}
  m_GameObject: {fileID: 0}
  m_Enabled: 1
  m_EditorHideFlags: 0
  m_Script: {fileID: 11500000, guid: ceb653cd98e289a4e8697a1af55201f2, type: 3}
  m_Name: event:/Foley/Leash Taut
  m_EditorClassIdentifier: 
  Path: event:/Foley/Leash Taut
  guid: 5d4793e901c68c4fbba332b52a3d58a0
  Banks:
  - {fileID: 5469924922046571695}
  IsStream: 0
  Is3D: 0
  IsOneShot: 1
  Parameters: []
  MinDistance: 0
  MaxDistance: 0
  Length: 500
--- !u!114 &-2730196112430096850
MonoBehaviour:
  m_ObjectHideFlags: 0
  m_CorrespondingSourceObject: {fileID: 0}
  m_PrefabInstance: {fileID: 0}
  m_PrefabAsset: {fileID: 0}
  m_GameObject: {fileID: 0}
  m_Enabled: 1
  m_EditorHideFlags: 0
  m_Script: {fileID: 11500000, guid: ceb653cd98e289a4e8697a1af55201f2, type: 3}
  m_Name: event:/UI/ClickBack
  m_EditorClassIdentifier: 
  Path: event:/UI/ClickBack
  guid: e173739aac512e4eaca0817901fef7f1
  Banks:
  - {fileID: 5469924922046571695}
  IsStream: 0
  Is3D: 0
  IsOneShot: 1
  Parameters: []
  MinDistance: 0
  MaxDistance: 0
  Length: 1400
--- !u!114 &-2583203714342307736
MonoBehaviour:
  m_ObjectHideFlags: 0
  m_CorrespondingSourceObject: {fileID: 0}
  m_PrefabInstance: {fileID: 0}
  m_PrefabAsset: {fileID: 0}
  m_GameObject: {fileID: 0}
  m_Enabled: 1
  m_EditorHideFlags: 0
  m_Script: {fileID: 11500000, guid: ceb653cd98e289a4e8697a1af55201f2, type: 3}
  m_Name: event:/Music/Happy Park
  m_EditorClassIdentifier: 
  Path: event:/Music/Happy Park
  guid: 05d91c895447e349b5df9fa555d4afc8
  Banks:
  - {fileID: 5469924922046571695}
  IsStream: 1
  Is3D: 0
  IsOneShot: 0
  Parameters: []
  MinDistance: 0
  MaxDistance: 0
  Length: 328250
--- !u!114 &-1756410779683720438
MonoBehaviour:
  m_ObjectHideFlags: 0
  m_CorrespondingSourceObject: {fileID: 0}
  m_PrefabInstance: {fileID: 0}
  m_PrefabAsset: {fileID: 0}
  m_GameObject: {fileID: 0}
  m_Enabled: 1
  m_EditorHideFlags: 0
  m_Script: {fileID: 11500000, guid: c18180ecb35941f4682ae60107b85b7c, type: 3}
  m_Name: bank:/Master.bank
  m_EditorClassIdentifier: 
  Path: ../../../DigimalsSound/Build/Desktop/Master.bank
  SubDir: 
  lastModified: 637220764625507202
  LoadResult: 0
  FileSizes:
  - Name: Desktop
    Value: 8740416
  Exists: 1
--- !u!114 &-1574418886166700947
MonoBehaviour:
  m_ObjectHideFlags: 0
  m_CorrespondingSourceObject: {fileID: 0}
  m_PrefabInstance: {fileID: 0}
  m_PrefabAsset: {fileID: 0}
  m_GameObject: {fileID: 0}
  m_Enabled: 1
  m_EditorHideFlags: 0
  m_Script: {fileID: 11500000, guid: ceb653cd98e289a4e8697a1af55201f2, type: 3}
  m_Name: event:/Music/Happy Park
  m_EditorClassIdentifier: 
  Path: event:/Music/Happy Park
  guid: 05d91c895447e349b5df9fa555d4afc8
  Banks:
  - {fileID: -1756410779683720438}
  IsStream: 1
  Is3D: 0
  IsOneShot: 0
  Parameters: []
  MinDistance: 0
  MaxDistance: 0
  Length: 328250
--- !u!114 &-1119153333859980944
MonoBehaviour:
  m_ObjectHideFlags: 0
  m_CorrespondingSourceObject: {fileID: 0}
  m_PrefabInstance: {fileID: 0}
  m_PrefabAsset: {fileID: 0}
  m_GameObject: {fileID: 0}
  m_Enabled: 1
  m_EditorHideFlags: 0
  m_Script: {fileID: 11500000, guid: ceb653cd98e289a4e8697a1af55201f2, type: 3}
  m_Name: event:/Foley/Dog Biscuit Crunch
  m_EditorClassIdentifier: 
  Path: event:/Foley/Dog Biscuit Crunch
  guid: 208ada32f930cc43af3229d040736639
  Banks:
  - {fileID: -1756410779683720438}
  IsStream: 0
  Is3D: 0
  IsOneShot: 1
  Parameters: []
  MinDistance: 0
  MaxDistance: 0
  Length: 2000
--- !u!114 &11400000
MonoBehaviour:
  m_ObjectHideFlags: 0
  m_CorrespondingSourceObject: {fileID: 0}
  m_PrefabInstance: {fileID: 0}
  m_PrefabAsset: {fileID: 0}
  m_GameObject: {fileID: 0}
  m_Enabled: 1
  m_EditorHideFlags: 0
  m_Script: {fileID: 11500000, guid: d32cf7c32a3ed8347bac48ef5ed56d82, type: 3}
  m_Name: FMODStudioCache
  m_EditorClassIdentifier: 
  EditorBanks:
  - {fileID: 8903084983248257705}
  - {fileID: 5469924922046571695}
  EditorEvents:
  - {fileID: -2583203714342307736}
  - {fileID: 3974723583905452500}
  - {fileID: 3079918094382452780}
  - {fileID: -3109035271886025051}
  - {fileID: -7563765326217954391}
  - {fileID: 2024156006441057066}
  - {fileID: 3825076354540937362}
  - {fileID: 8507433965819686252}
  - {fileID: 4593889832810681481}
  - {fileID: -2789188974641090517}
  - {fileID: -2828829365612034099}
  - {fileID: -5352999594994313902}
  - {fileID: 6307924831536475582}
  - {fileID: 1775444278829971380}
  - {fileID: 8722428926304435909}
  - {fileID: 5251847178598626184}
  - {fileID: 2833411752590587810}
  - {fileID: 8189166228396087806}
  - {fileID: -2730196112430096850}
  EditorParameters: []
  MasterBanks:
  - {fileID: 5469924922046571695}
  StringsBanks:
  - {fileID: 8903084983248257705}
  stringsBankWriteTime: 637220764625567031
  cacheVersion: 3
--- !u!114 &62747075355485299
MonoBehaviour:
  m_ObjectHideFlags: 0
  m_CorrespondingSourceObject: {fileID: 0}
  m_PrefabInstance: {fileID: 0}
  m_PrefabAsset: {fileID: 0}
  m_GameObject: {fileID: 0}
  m_Enabled: 1
  m_EditorHideFlags: 0
  m_Script: {fileID: 11500000, guid: ceb653cd98e289a4e8697a1af55201f2, type: 3}
  m_Name: event:/Voice/Amy Sad
  m_EditorClassIdentifier: 
  Path: event:/Voice/Amy Sad
  guid: 6924ef43ff2bc64ca7bfdd008f45a0ce
  Banks:
  - {fileID: -1756410779683720438}
  IsStream: 0
  Is3D: 0
  IsOneShot: 1
  Parameters: []
  MinDistance: 0
  MaxDistance: 0
  Length: 370
--- !u!114 &867448652953076023
MonoBehaviour:
  m_ObjectHideFlags: 0
  m_CorrespondingSourceObject: {fileID: 0}
  m_PrefabInstance: {fileID: 0}
  m_PrefabAsset: {fileID: 0}
  m_GameObject: {fileID: 0}
  m_Enabled: 1
  m_EditorHideFlags: 0
  m_Script: {fileID: 11500000, guid: ceb653cd98e289a4e8697a1af55201f2, type: 3}
  m_Name: event:/Voice/Sammy Sad
  m_EditorClassIdentifier: 
  Path: event:/Voice/Sammy Sad
  guid: 9b86e7a344e0a44b9e10f051948f947a
  Banks:
  - {fileID: -1756410779683720438}
  IsStream: 0
  Is3D: 0
  IsOneShot: 1
  Parameters: []
  MinDistance: 0
  MaxDistance: 0
  Length: 370
--- !u!114 &1775444278829971380
MonoBehaviour:
  m_ObjectHideFlags: 0
  m_CorrespondingSourceObject: {fileID: 0}
  m_PrefabInstance: {fileID: 0}
  m_PrefabAsset: {fileID: 0}
  m_GameObject: {fileID: 0}
  m_Enabled: 1
  m_EditorHideFlags: 0
  m_Script: {fileID: 11500000, guid: ceb653cd98e289a4e8697a1af55201f2, type: 3}
  m_Name: event:/UI/Click
  m_EditorClassIdentifier: 
  Path: event:/UI/Click
  guid: 9f9a609d147c5046ab09bc1981805f3e
  Banks:
  - {fileID: 5469924922046571695}
  IsStream: 0
  Is3D: 0
  IsOneShot: 1
  Parameters: []
  MinDistance: 0
  MaxDistance: 0
  Length: 1600
--- !u!114 &2024156006441057066
MonoBehaviour:
  m_ObjectHideFlags: 0
  m_CorrespondingSourceObject: {fileID: 0}
  m_PrefabInstance: {fileID: 0}
  m_PrefabAsset: {fileID: 0}
  m_GameObject: {fileID: 0}
  m_Enabled: 1
  m_EditorHideFlags: 0
  m_Script: {fileID: 11500000, guid: ceb653cd98e289a4e8697a1af55201f2, type: 3}
  m_Name: event:/Voice/Amanda Happy
  m_EditorClassIdentifier: 
  Path: event:/Voice/Amanda Happy
  guid: 3baa0218004915429465bcd4181a9d04
  Banks:
  - {fileID: 5469924922046571695}
  IsStream: 0
  Is3D: 0
  IsOneShot: 1
  Parameters: []
  MinDistance: 0
  MaxDistance: 0
  Length: 480
--- !u!114 &2300374567082575931
MonoBehaviour:
  m_ObjectHideFlags: 0
  m_CorrespondingSourceObject: {fileID: 0}
  m_PrefabInstance: {fileID: 0}
  m_PrefabAsset: {fileID: 0}
  m_GameObject: {fileID: 0}
  m_Enabled: 1
  m_EditorHideFlags: 0
  m_Script: {fileID: 11500000, guid: ceb653cd98e289a4e8697a1af55201f2, type: 3}
  m_Name: event:/Foley/Leash Taut
  m_EditorClassIdentifier: 
  Path: event:/Foley/Leash Taut
  guid: 5d4793e901c68c4fbba332b52a3d58a0
  Banks:
  - {fileID: -1756410779683720438}
  IsStream: 0
  Is3D: 0
  IsOneShot: 1
  Parameters: []
  MinDistance: 0
  MaxDistance: 0
  Length: 500
--- !u!114 &2303704313359234511
MonoBehaviour:
  m_ObjectHideFlags: 0
  m_CorrespondingSourceObject: {fileID: 0}
  m_PrefabInstance: {fileID: 0}
  m_PrefabAsset: {fileID: 0}
  m_GameObject: {fileID: 0}
  m_Enabled: 1
  m_EditorHideFlags: 0
  m_Script: {fileID: 11500000, guid: ceb653cd98e289a4e8697a1af55201f2, type: 3}
  m_Name: event:/UI/HoverBack
  m_EditorClassIdentifier: 
  Path: event:/UI/HoverBack
  guid: 2258ec6bfc7b0e46b504c89c4c55ed70
  Banks:
  - {fileID: -1756410779683720438}
  IsStream: 0
  Is3D: 0
  IsOneShot: 1
  Parameters: []
  MinDistance: 0
  MaxDistance: 0
  Length: 1499
--- !u!114 &2522493396231963352
MonoBehaviour:
  m_ObjectHideFlags: 0
  m_CorrespondingSourceObject: {fileID: 0}
  m_PrefabInstance: {fileID: 0}
  m_PrefabAsset: {fileID: 0}
  m_GameObject: {fileID: 0}
  m_Enabled: 1
  m_EditorHideFlags: 0
  m_Script: {fileID: 11500000, guid: c18180ecb35941f4682ae60107b85b7c, type: 3}
  m_Name: bank:/Master.strings.bank
  m_EditorClassIdentifier: 
  Path: ../../../DigimalsSound/Build/Desktop/Master.strings.bank
  SubDir: 
  lastModified: 637220764625567031
  LoadResult: 0
  FileSizes:
  - Name: Desktop
    Value: 1626
  Exists: 1
--- !u!114 &2833411752590587810
MonoBehaviour:
  m_ObjectHideFlags: 0
  m_CorrespondingSourceObject: {fileID: 0}
  m_PrefabInstance: {fileID: 0}
  m_PrefabAsset: {fileID: 0}
  m_GameObject: {fileID: 0}
  m_Enabled: 1
  m_EditorHideFlags: 0
  m_Script: {fileID: 11500000, guid: ceb653cd98e289a4e8697a1af55201f2, type: 3}
  m_Name: event:/UI/Hover
  m_EditorClassIdentifier: 
  Path: event:/UI/Hover
  guid: c54a088aee240b4eae1f97ce4591c880
  Banks:
  - {fileID: 5469924922046571695}
  IsStream: 0
  Is3D: 0
  IsOneShot: 1
  Parameters: []
  MinDistance: 0
  MaxDistance: 0
  Length: 1500
--- !u!114 &2906131652532407432
MonoBehaviour:
  m_ObjectHideFlags: 0
  m_CorrespondingSourceObject: {fileID: 0}
  m_PrefabInstance: {fileID: 0}
  m_PrefabAsset: {fileID: 0}
  m_GameObject: {fileID: 0}
  m_Enabled: 1
  m_EditorHideFlags: 0
  m_Script: {fileID: 11500000, guid: ceb653cd98e289a4e8697a1af55201f2, type: 3}
  m_Name: event:/Environment/WildernessSounds
  m_EditorClassIdentifier: 
  Path: event:/Environment/WildernessSounds
  guid: 6bdfca1c57d6f84c94f68809e160f469
  Banks:
  - {fileID: -1756410779683720438}
  IsStream: 1
  Is3D: 0
  IsOneShot: 0
  Parameters: []
  MinDistance: 0
  MaxDistance: 0
  Length: 57234
--- !u!114 &3079918094382452780
MonoBehaviour:
  m_ObjectHideFlags: 0
  m_CorrespondingSourceObject: {fileID: 0}
  m_PrefabInstance: {fileID: 0}
  m_PrefabAsset: {fileID: 0}
  m_GameObject: {fileID: 0}
  m_Enabled: 1
  m_EditorHideFlags: 0
  m_Script: {fileID: 11500000, guid: ceb653cd98e289a4e8697a1af55201f2, type: 3}
  m_Name: event:/UI/HoverBack
  m_EditorClassIdentifier: 
  Path: event:/UI/HoverBack
  guid: 2258ec6bfc7b0e46b504c89c4c55ed70
  Banks:
  - {fileID: 5469924922046571695}
  IsStream: 0
  Is3D: 0
  IsOneShot: 1
  Parameters: []
  MinDistance: 0
  MaxDistance: 0
  Length: 1499
--- !u!114 &3825076354540937362
MonoBehaviour:
  m_ObjectHideFlags: 0
  m_CorrespondingSourceObject: {fileID: 0}
  m_PrefabInstance: {fileID: 0}
  m_PrefabAsset: {fileID: 0}
  m_GameObject: {fileID: 0}
  m_Enabled: 1
  m_EditorHideFlags: 0
  m_Script: {fileID: 11500000, guid: ceb653cd98e289a4e8697a1af55201f2, type: 3}
  m_Name: event:/Voice/Sammy Happy
  m_EditorClassIdentifier: 
  Path: event:/Voice/Sammy Happy
  guid: 4153d309bf2c3a43a59af69a0cff094f
  Banks:
  - {fileID: 5469924922046571695}
  IsStream: 0
  Is3D: 0
  IsOneShot: 1
  Parameters: []
  MinDistance: 0
  MaxDistance: 0
  Length: 475
--- !u!114 &3974723583905452500
MonoBehaviour:
  m_ObjectHideFlags: 0
  m_CorrespondingSourceObject: {fileID: 0}
  m_PrefabInstance: {fileID: 0}
  m_PrefabAsset: {fileID: 0}
  m_GameObject: {fileID: 0}
  m_Enabled: 1
  m_EditorHideFlags: 0
  m_Script: {fileID: 11500000, guid: ceb653cd98e289a4e8697a1af55201f2, type: 3}
  m_Name: event:/Foley/Dog Biscuit Crunch
  m_EditorClassIdentifier: 
  Path: event:/Foley/Dog Biscuit Crunch
  guid: 208ada32f930cc43af3229d040736639
  Banks:
  - {fileID: 5469924922046571695}
  IsStream: 0
  Is3D: 0
  IsOneShot: 1
  Parameters: []
  MinDistance: 0
  MaxDistance: 0
  Length: 2000
--- !u!114 &4593889832810681481
MonoBehaviour:
  m_ObjectHideFlags: 0
  m_CorrespondingSourceObject: {fileID: 0}
  m_PrefabInstance: {fileID: 0}
  m_PrefabAsset: {fileID: 0}
  m_GameObject: {fileID: 0}
  m_Enabled: 1
  m_EditorHideFlags: 0
  m_Script: {fileID: 11500000, guid: ceb653cd98e289a4e8697a1af55201f2, type: 3}
  m_Name: event:/Voice/Dog Whimper
  m_EditorClassIdentifier: 
  Path: event:/Voice/Dog Whimper
  guid: 57da334193b7d14a829b3862784a8247
  Banks:
  - {fileID: 5469924922046571695}
  IsStream: 0
  Is3D: 0
  IsOneShot: 1
  Parameters: []
  MinDistance: 0
  MaxDistance: 0
  Length: 795
--- !u!114 &5085565166549696906
MonoBehaviour:
  m_ObjectHideFlags: 0
  m_CorrespondingSourceObject: {fileID: 0}
  m_PrefabInstance: {fileID: 0}
  m_PrefabAsset: {fileID: 0}
  m_GameObject: {fileID: 0}
  m_Enabled: 1
  m_EditorHideFlags: 0
  m_Script: {fileID: 11500000, guid: ceb653cd98e289a4e8697a1af55201f2, type: 3}
  m_Name: event:/UI/Click
  m_EditorClassIdentifier: 
  Path: event:/UI/Click
  guid: 9f9a609d147c5046ab09bc1981805f3e
  Banks:
  - {fileID: -1756410779683720438}
  IsStream: 0
  Is3D: 0
  IsOneShot: 1
  Parameters: []
  MinDistance: 0
  MaxDistance: 0
  Length: 1600
--- !u!114 &5251847178598626184
MonoBehaviour:
  m_ObjectHideFlags: 0
  m_CorrespondingSourceObject: {fileID: 0}
  m_PrefabInstance: {fileID: 0}
  m_PrefabAsset: {fileID: 0}
  m_GameObject: {fileID: 0}
  m_Enabled: 1
  m_EditorHideFlags: 0
  m_Script: {fileID: 11500000, guid: ceb653cd98e289a4e8697a1af55201f2, type: 3}
  m_Name: event:/Foley/Dog Reward
  m_EditorClassIdentifier: 
  Path: event:/Foley/Dog Reward
  guid: c209778302bc0a4dbc1c362e827a35f3
  Banks:
  - {fileID: 5469924922046571695}
  IsStream: 0
  Is3D: 0
  IsOneShot: 1
  Parameters: []
  MinDistance: 0
  MaxDistance: 0
  Length: 471
--- !u!114 &5469924922046571695
MonoBehaviour:
  m_ObjectHideFlags: 0
  m_CorrespondingSourceObject: {fileID: 0}
  m_PrefabInstance: {fileID: 0}
  m_PrefabAsset: {fileID: 0}
  m_GameObject: {fileID: 0}
  m_Enabled: 1
  m_EditorHideFlags: 0
  m_Script: {fileID: 11500000, guid: c18180ecb35941f4682ae60107b85b7c, type: 3}
  m_Name: bank:/Master.bank
  m_EditorClassIdentifier: 
  Path: ../FMOD/Build/Desktop/Master.bank
  SubDir: 
  lastModified: 637220764625507202
  LoadResult: 0
  FileSizes: []
  Exists: 1
--- !u!114 &6241730915158853064
MonoBehaviour:
  m_ObjectHideFlags: 0
  m_CorrespondingSourceObject: {fileID: 0}
  m_PrefabInstance: {fileID: 0}
  m_PrefabAsset: {fileID: 0}
  m_GameObject: {fileID: 0}
  m_Enabled: 1
  m_EditorHideFlags: 0
  m_Script: {fileID: 11500000, guid: ceb653cd98e289a4e8697a1af55201f2, type: 3}
  m_Name: event:/UI/Hover
  m_EditorClassIdentifier: 
  Path: event:/UI/Hover
  guid: c54a088aee240b4eae1f97ce4591c880
  Banks:
  - {fileID: -1756410779683720438}
  IsStream: 0
  Is3D: 0
  IsOneShot: 1
  Parameters: []
  MinDistance: 0
  MaxDistance: 0
  Length: 1500
--- !u!114 &6307924831536475582
MonoBehaviour:
  m_ObjectHideFlags: 0
  m_CorrespondingSourceObject: {fileID: 0}
  m_PrefabInstance: {fileID: 0}
  m_PrefabAsset: {fileID: 0}
  m_GameObject: {fileID: 0}
  m_Enabled: 1
  m_EditorHideFlags: 0
  m_Script: {fileID: 11500000, guid: ceb653cd98e289a4e8697a1af55201f2, type: 3}
  m_Name: event:/Voice/Sammy Sad
  m_EditorClassIdentifier: 
  Path: event:/Voice/Sammy Sad
  guid: 9b86e7a344e0a44b9e10f051948f947a
  Banks:
  - {fileID: 5469924922046571695}
  IsStream: 0
  Is3D: 0
  IsOneShot: 1
  Parameters: []
  MinDistance: 0
  MaxDistance: 0
  Length: 370
--- !u!114 &8189166228396087806
MonoBehaviour:
  m_ObjectHideFlags: 0
  m_CorrespondingSourceObject: {fileID: 0}
  m_PrefabInstance: {fileID: 0}
  m_PrefabAsset: {fileID: 0}
  m_GameObject: {fileID: 0}
  m_Enabled: 1
  m_EditorHideFlags: 0
  m_Script: {fileID: 11500000, guid: ceb653cd98e289a4e8697a1af55201f2, type: 3}
  m_Name: event:/Foley/Pick Up Item
  m_EditorClassIdentifier: 
  Path: event:/Foley/Pick Up Item
  guid: d788c19b8483f04496b445841027802e
  Banks:
  - {fileID: 5469924922046571695}
  IsStream: 0
  Is3D: 0
  IsOneShot: 1
  Parameters: []
  MinDistance: 0
  MaxDistance: 0
  Length: 1000
--- !u!114 &8358509130915971145
MonoBehaviour:
  m_ObjectHideFlags: 0
  m_CorrespondingSourceObject: {fileID: 0}
  m_PrefabInstance: {fileID: 0}
  m_PrefabAsset: {fileID: 0}
  m_GameObject: {fileID: 0}
  m_Enabled: 1
  m_EditorHideFlags: 0
  m_Script: {fileID: 11500000, guid: ceb653cd98e289a4e8697a1af55201f2, type: 3}
  m_Name: event:/Voice/Amanda Happy
  m_EditorClassIdentifier: 
  Path: event:/Voice/Amanda Happy
  guid: 3baa0218004915429465bcd4181a9d04
  Banks:
  - {fileID: -1756410779683720438}
  IsStream: 0
  Is3D: 0
  IsOneShot: 1
  Parameters: []
  MinDistance: 0
  MaxDistance: 0
  Length: 480
--- !u!114 &8507433965819686252
MonoBehaviour:
  m_ObjectHideFlags: 0
  m_CorrespondingSourceObject: {fileID: 0}
  m_PrefabInstance: {fileID: 0}
  m_PrefabAsset: {fileID: 0}
  m_GameObject: {fileID: 0}
  m_Enabled: 1
  m_EditorHideFlags: 0
  m_Script: {fileID: 11500000, guid: ceb653cd98e289a4e8697a1af55201f2, type: 3}
  m_Name: event:/Music/Winter Park
  m_EditorClassIdentifier: 
  Path: event:/Music/Winter Park
  guid: 42d4cd9e58a47d4aa497052c2ea509f4
  Banks:
  - {fileID: 5469924922046571695}
  IsStream: 1
  Is3D: 0
  IsOneShot: 0
  Parameters: []
  MinDistance: 0
  MaxDistance: 0
  Length: 229146
--- !u!114 &8722428926304435909
MonoBehaviour:
  m_ObjectHideFlags: 0
  m_CorrespondingSourceObject: {fileID: 0}
  m_PrefabInstance: {fileID: 0}
  m_PrefabAsset: {fileID: 0}
  m_GameObject: {fileID: 0}
  m_Enabled: 1
  m_EditorHideFlags: 0
  m_Script: {fileID: 11500000, guid: ceb653cd98e289a4e8697a1af55201f2, type: 3}
  m_Name: event:/Voice/Amy Happy
  m_EditorClassIdentifier: 
  Path: event:/Voice/Amy Happy
  guid: a70cd36ef780ed49afa1f9dc9c5ebca5
  Banks:
  - {fileID: 5469924922046571695}
  IsStream: 0
  Is3D: 0
  IsOneShot: 1
  Parameters: []
  MinDistance: 0
  MaxDistance: 0
  Length: 470
--- !u!114 &8889525898765604177
MonoBehaviour:
  m_ObjectHideFlags: 0
  m_CorrespondingSourceObject: {fileID: 0}
  m_PrefabInstance: {fileID: 0}
  m_PrefabAsset: {fileID: 0}
  m_GameObject: {fileID: 0}
  m_Enabled: 1
  m_EditorHideFlags: 0
  m_Script: {fileID: 11500000, guid: ceb653cd98e289a4e8697a1af55201f2, type: 3}
  m_Name: event:/Foley/Leash Snap
  m_EditorClassIdentifier: 
  Path: event:/Foley/Leash Snap
  guid: 2b4456c52950124c9531627b1a816c9b
  Banks:
  - {fileID: -1756410779683720438}
  IsStream: 0
  Is3D: 0
  IsOneShot: 1
  Parameters: []
  MinDistance: 0
  MaxDistance: 0
  Length: 1867
--- !u!114 &8903084983248257705
MonoBehaviour:
  m_ObjectHideFlags: 0
  m_CorrespondingSourceObject: {fileID: 0}
  m_PrefabInstance: {fileID: 0}
  m_PrefabAsset: {fileID: 0}
  m_GameObject: {fileID: 0}
  m_Enabled: 1
  m_EditorHideFlags: 0
  m_Script: {fileID: 11500000, guid: c18180ecb35941f4682ae60107b85b7c, type: 3}
  m_Name: bank:/Master.strings.bank
  m_EditorClassIdentifier: 
  Path: ../FMOD/Build/Desktop/Master.strings.bank
  SubDir: 
  lastModified: 637220764625567031
  LoadResult: 0
  FileSizes:
  - Name: Desktop
    Value: 1626
  Exists: 1
